
<record>
  <controlfield tag="001">1694589</controlfield>
  <datafield tag="024" ind1="7" ind2=" ">
    <subfield code="a">10.1117/12.789051</subfield>
    <subfield code="2">DOI</subfield>
    <subfield code="9">International Society for Optics and Photonics</subfield>
  </datafield>
  <datafield tag="035" ind1=" " ind2=" ">
    <subfield code="a">Juramy:2008jgr</subfield>
    <subfield code="9">INSPIRETeX</subfield>
  </datafield>
  <datafield tag="245" ind1=" " ind2=" ">
    <subfield code="a">SNDICE: a direct illumination calibration experiment at CFHT</subfield>
    <subfield code="9">International Society for Optics and Photonics</subfield>
  </datafield>
</record>